@image{img:snsd,
	title={Topological Girl's Generation},
	author={Topological Girl's Generation},
	url={https://topologicalgirlsgeneration.tumblr.com/}
}

@image{img:omega500,
	title={Omega exp},
	author={Pop-up casket},
	url={https://commons.wikimedia.org/wiki/File:Omega-exp-omega-labeled.svg},
	note={Public domain}
}
@image{img:exercise,
	title={Math Text},
	author={Abstruse Goose},
	url={https://abstrusegoose.com/12},
	year={2008},
	note={CC 3.0},
}
@image{img:apples,
	title={Apple},
	author={George Hodan},
	url={https://www.publicdomainpictures.net/view-image.php?image=20117},
	note={Public domain}
}
@image{img:velociraptor,
	title={Velociraptor},
	author={Petr Kratochvil},
	url={https://www.publicdomainpictures.net/view-image.php?image=93881},
	note={Public domain}
}
@image{img:tangentplane,
	title={Normal surface vector},
	author={g.kov},
	url={https://tex.stackexchange.com/a/235142/76888}
}
@image{img:even_covering,
	title={Covering spcae diagram},
	author={Wordslaugh},
	url={https://commons.wikimedia.org/wiki/File:Covering_space_diagram.svg},
	note={CC 3.0}
}
@image{img:torus,
	title={Projection color torus},
	author={Toahigherlevel},
	url={https://en.wikipedia.org/wiki/File:Projection_color_torus.jpg},
	note={Public domain}
}
@image{img:kleinfold,
	title={Klein Bottle Folding},
	author={Inductiveload},
	url={https://commons.wikimedia.org/wiki/File:Klein_Bottle_Folding_1.svg},
	note={Public domain}
}
@image{img:kleinbottle,
	title={Klein bottle},
	author={Fropuff},
	url={https://en.wikipedia.org/wiki/File:KleinBottle-01.png},
	note={Public domain}
}
@image{img:read_with_pencil,
	title={The Math Major Who Never Reads Math},
	author={Ben Orlin},
	url={https://mathwithbaddrawings.com/2015/03/17/the-math-major-who-never-reads-math/},
}
@image{img:stokes,
	title={Stokes patch},
	author={Krish Navedala},
	url={https://en.wikipedia.org/wiki/File:Stokes_patch.svg},
	note={Public domain}
}
@image{img:weierstrass,
	title={Weierstrass function},
	author={Eeyore22},
	url={https://commons.wikimedia.org/wiki/File:WeierstrassFunction.svg},
	note={Public domain}
}

@image{img:xkcd,
	title={Fundamental Forces},
	author={Randall Munroe},
	url={https://xkcd.com/1489/},
	note={CC 2.5}
}
@image{img:xkcd_rolles,
	title={Rolle's theorem},
	author={Randall Munroe},
	url={https://xkcd.com/2042/},
	note={CC 2.5}
}

@image{img:zornaholic,
	title={Zornaholic},
	author={Abstruse Goose},
	url={https://abstrusegoose.com/133},
	year={2009},
	note={CC 3.0},
}
@image{img:calvin_hobbes_fly,
	title={Calvin and Hobbes},
	author={Bill Watterson},
	note={I think this is fair use.},
}

@image{img:cantor,
	title={Cantor set in seven iterations},
	author={127``rect''},
	url={https://en.wikipedia.org/wiki/File:Cantor_set_in_seven_iterations.svg},
	note={Public domain},
	year={2007},
}

