// My Classes
@unpublished{ref:55a,
	title={Math 55a: Honors Abstract and Linear Algebra},
	year={2014},
	author={Dennis Gaitsgory},
	editor={Evan Chen},
	publisher={Harvard College},
	url={http://web.evanchen.cc/coursework.html}
}
@unpublished{ref:55b,
	title={Math 55b: Honors Real and Complex Analysis},
	year={2015},
	author={Dennis Gaitsgory},
	editor={Evan Chen},
	publisher={Harvard College},
	url={http://web.evanchen.cc/coursework.html}
}
@unpublished{ref:145a,
	title={Math 145a: Set Theory I},
	year={2014},
	author={Peter Koellner},
	editor={Evan Chen},
	publisher={Harvard College},
	url={http://web.evanchen.cc/coursework.html}
}
@unpublished{ref:18-435,
	title={18.435J: Quantum Computation},
	year={2015},
	author={Seth Lloyd},
	editor={Evan Chen},
	publisher={MIT},
	url={http://web.evanchen.cc/coursework.html}
}

// Physical books used extensively
@book{ref:pugh,
	author = {Pugh, C. C.},
	title = {Real mathematical analysis},
	publisher = {Springer},
	year = {2002},
	address = {New York},
	isbn = {978-0387952970}
	}
@book{ref:msci,
	author = {Leinster, Tom},
	title = {Basic category theory},
	publisher = {Cambridge University Press},
	year = {2014},
	address = {Cambridge},
	isbn = {978-1107044241},
	url={https://arxiv.org/abs/1612.09375}
	}
@book{ref:AGinvitation,
	title={An Invitation to Algebraic Geometry (Universitext)},
	author={Karen Smith and Lauri Kahanp\"a\"a and Pekka Kek\"al\"ainen and William Traves},
	publisher={Springer},
	year={2004},
	month={1},
	edition={1st},
	isbn={9780387989808},
	url={http://amazon.com/o/ASIN/0387989803/},
	price={59.95},
	totalpages={164},
	timestamp={2015.04.23},
}
@book{ref:hatcher,
   title = {Algebraic topology},
   author = {Hatcher, Allen},
   publisher = {Cambridge University Press},
   address = {Cambridge, New York},
   url = {http://opac.inria.fr/record=b1122188},
   isbn = {0-521-79160-X},
   year = {2002}
}


// Notes used extensively
@unpublished{ref:dartmouth,
	title={Math 43: Complex Analysis},
	year={2012},
	author={Andrew Yang},
	institution={Dartmouth College},
	url={https://math.dartmouth.edu/~m43s12/syllabus.html},
}
@unpublished{ref:oggier_NT,
	title={Algebraic Number Theory},
	year={2010},
	author={Frederique Oggier},
	institution={Nanyang Technological University},
	url={http://www1.spms.ntu.edu.sg/~frederique/ANT10.pdf}
}
@unpublished{ref:analytic_NT,
	title={Introduction to Analytic Number Theory},
	author={A. J. Hildebrand},
	year={2013},
	institution={University of Illinois},
	url={http://www.math.illinois.edu/~hildebr/ant/}
}
@unpublished{ref:manifolds,
	title={Manifolds and Differential Forms},
	author={Reyer Sjamaar},
	year={2005},
	institution={Cornell University},
	url={http://www.math.cornell.edu/~sjamaar/classes/3210/notes.html}
}
@unpublished{ref:lenstra_chebotarev,
	title={The Chebotarev Density Theorem},
	author={Hendrik Lenstra},
	year={2002},
	institution={Leiden University},
	url={http://websites.math.leidenuniv.nl/algebra/}
}
@unpublished{ref:vakil,
	title={The Rising Sea: Foundations of Algebraic Geometry},
	author={Ravi Vakil},
	year={2017},
	month={11},
	day={17},
	institution={Stanford University},
	url={http://math.stanford.edu/~vakil/216blog/}
}
@unpublished{ref:gathmann,
	title={Algebraic Geometry},
	author={Andreas Gathmann},
	year={2003},
	institution={Technischen Universitat Kaiserslautern},
	url={http://www.mathematik.uni-kl.de/agag/mitglieder/professoren/gathmann/notes/alggeom/},
}
@unpublished{ref:maxim752,
	title={Math 752 Topology Lecture Notes},
	author={Laurentiu Maxim},
	year={2013},
	institution={University of Wisconsin-Madison},
	url={https://www.math.wisc.edu/~maxim/752notes.pdf}
}
@unpublished{ref:etingof,
	title={Introduction to Representation Theory},
	author={Pavel Etingof},
	year={2011},
	institution={MIT},
	url={http://math.mit.edu/~etingof/replect.pdf}
}
@unpublished{ref:gorin,
	title={18.175: Theory of Probability},
	author={Vadim Gorin},
	editor={Tony Zhang},
	institution={MIT},
	year={2018},
	url={https://www.mit.edu/~txz/links.html},
}
	

// Notes used in passing
@unpublished{ref:covering_all_we_know,
	title={Covering Spaces Done Right},
	author={Dror Bar-Natan},
	url={http://www.math.toronto.edu/drorbn/classes/0102/AlgTop/CoveringsDoneRight.ps},
}
@unpublished{ref:lebesgue,
	title={A Crash Course on the Lebesgue Integral and Measure Theory},
	author={Steve Cheng},
	year={2008},
	month={4},
	day={27},
	url={https://www.gold-saucer.org/math/lebesgue/lebesgue-new.pdf},
}

@unpublished{ref:ullery,
	title={Minkowski Theory and the Class Number},
	year={2008},
	author={Brooke Ullery},
	publisher={Chicago REU},
	url={http://www.math.uchicago.edu/~may/VIGRE/VIGRE2008/REUPapers/Ullery.pdf}
}
@unpublished{ref:miquel,
	title={An Axiomatic Presentation of the Method of Forcing},
	author={Alexandre Miquel},
	year={2014},
	publisher={Universidad de la Republica - Uruguay},
	url={http://www.fing.edu.uy/~amiquel/forcing/}
}

// Physical books used lightly
@book{ref:axler,
	author = {Axler, Sheldon},
	title = {Linear algebra done right},
	publisher = {Springer},
	year = {1997},
	address = {New York},
	isbn = {978-0387982588}
	}
@book{ref:bak_ca,
	author = {Bak, Joseph},
	title = {Complex analysis},
	publisher = {Springer Science+Business Media, LLC},
	year = {2010},
	address = {New York},
	isbn = {978-1441972873}
	}
@book{ref:dummit_foote,
	title={Abstract Algebra},
	author={Dummit, David and Foote, Richard},
	publisher={Wiley,2003},
	year={0003},
	month={7},
	asin={B00LZMW1DQ},
	url={http://amazon.com/o/ASIN/B00LZMW1DQ/},
	timestamp={2015.04.04},
}
@book{ref:munkres,
	title={Topology},
	author={James Munkres},
	publisher={Prentice-Hall, Inc.},
	year={2000},
	month={1},
	edition={2nd},
	isbn={9788120320468},
	url={http://amazon.com/o/ASIN/8120320468/},
	price={36.99},
	totalpages={537},
	timestamp={2015.11.27},
}
@book{ref:schikof,
  title={Ultrametric Calculus: An Introduction to P-Adic Analysis},
  author={Schikhof, W.H.},
  isbn={9780521032872},
  lccn={83007466},
  series={Cambridge Studies in Advanced Mathematics},
  url={https://books.google.com/books?id=cBT05R7TH1QC},
  year={2007},
  publisher={Cambridge University Press}
}

// Blog posts and such
@unpublished{ref:gowers,
	title={Normal subgroups and quotient groups},
	year={2011},
	author={Timothy Gowers},
	publisher={Gowers' weblog},
	url={https://gowers.wordpress.com/2011/11/20/normal-subgroups-and-quotient-groups/}
}
@unpublished{ref:aops_burnside,
	title={Burnside's Lemma, post 6},
	year={2013},
	author={Maxima},
	publisher={Art of Problem Solving},
	url={http://www.aops.com/Forum/viewtopic.php?p=3089768#p3089768}
}

@unpublished{ref:holden,
	title={Number Theory},
	author={Holden Lee},
	url={https://github.com/holdenlee/number-theory}
}

